@online{JavaParallelism,
  author = {Oracle Documentation},
  title = {Java Parallelism, https://docs.oracle.com/javase/tutorial/collections/streams/parallelism.html},
  year = 2017,
  url = {https://docs.oracle.com/javase/tutorial/collections/streams/parallelism.html},
  urldate = {2017-06-18}
}