 @misc{MM1Formeln,
 	author = "{Prof. Dietl H.}",
 	title = "{Warteschlangenmodelle}",
 	howpublished = "\url{ http://www.business.uzh.ch/dam/jcr:00000000-0451-792f-ffff-fffffe13aac9/ServiceManagement_Warteschlangenmodelle.pdf}",
 	note = "{Zugriff am 14.05.2017}"
 }

 @misc{ExpoVert,
 	author = "{Steinfeld T.}",
 	title = "{Exponentialverteilung}",
 	howpublished = "\url{ http://www.mathepedia.de/Exponentialverteilung.aspx}",
 	note = "{Zugriff am 14.05.2017}"
 } 